<record><leader>00000cas a2200000 a 4500</leader><controlfield tag="001">13712537</controlfield><controlfield tag="008">860610d19131955vtudr ne      0    0eng  </controlfield><datafield ind1=" " ind2=" " tag="010"><subfield code="a">sn 86071593 </subfield></datafield><datafield ind1=" " ind2=" " tag="040"><subfield code="a">DLC</subfield><subfield code="b">eng</subfield><subfield code="c">DLC</subfield><subfield code="d">MGN</subfield><subfield code="d">NVN</subfield><subfield code="d">OCLCQ</subfield><subfield code="d">DLC</subfield><subfield code="d">OCLCQ</subfield><subfield code="d">OCLCF</subfield><subfield code="d">DLC</subfield></datafield><datafield ind1=" " ind2=" " tag="042"><subfield code="a">pcc</subfield></datafield><datafield ind1=" " ind2=" " tag="043"><subfield code="a">n-us-vt</subfield></datafield><datafield ind1="0" ind2="0" tag="050"><subfield code="a">Newspaper</subfield></datafield><datafield ind1="0" ind2="4" tag="245"><subfield code="a">The Brattleboro daily reformer.</subfield></datafield><datafield ind1=" " ind2=" " tag="260"><subfield code="a">Brattleboro, Vt. :</subfield><subfield code="b">Reformer</subfield></datafield><datafield ind1=" " ind2=" " tag="300"><subfield code="a">v. :</subfield><subfield code="b">ill. ;</subfield><subfield code="c">58 cm.</subfield></datafield><datafield ind1=" " ind2=" " tag="310"><subfield code="a">Daily (except Sun.)</subfield></datafield><datafield ind1="0" ind2=" " tag="362"><subfield code="a">Vol. 1. no. 1 (Mar 3, 1913)- v. 43, no. 257 (Dec. 30, 1955).</subfield></datafield><datafield ind1=" " ind2=" " tag="500"><subfield code="a">Independent. Cf. Ayer, 1914.</subfield></datafield><datafield ind1=" " ind2=" " tag="500"><subfield code="a">Also available on microfilm from the Vermont Public Records Library.</subfield></datafield><datafield ind1=" " ind2=" " tag="580"><subfield code="a">Merged with: Vermont phoenix (Brattleboro, Vt. : 1834) to form: Brattleboro daily reformer and Vermont phoenix.</subfield></datafield><datafield ind1=" " ind2="0" tag="651"><subfield code="a">Brattleboro (Vt.)</subfield><subfield code="v">Newspapers.</subfield></datafield><datafield ind1=" " ind2="7" tag="651"><subfield code="a">Vermont</subfield><subfield code="z">Brattleboro.</subfield><subfield code="2">fast</subfield><subfield code="0">(OCoLC)fst01225010</subfield></datafield><datafield ind1=" " ind2="7" tag="655"><subfield code="a">Newspapers.</subfield><subfield code="2">fast</subfield><subfield code="0">(OCoLC)fst01423814</subfield></datafield><datafield ind1=" " ind2=" " tag="752"><subfield code="a">United States</subfield><subfield code="b">Vermont</subfield><subfield code="c">Windham</subfield><subfield code="d">Brattleboro.</subfield></datafield><datafield ind1="0" ind2="0" tag="780"><subfield code="t">Brattleboro reformer (Brattleboro, Vt.: 1907)</subfield><subfield code="w">(OCoLC)37671486</subfield></datafield><datafield ind1="1" ind2="7" tag="785"><subfield code="t">Vermont phoenix (Brattleboro, Vt. : 1834)</subfield><subfield code="x">2166-9821</subfield><subfield code="w">(DLC)sn 98060050</subfield><subfield code="w">(OCoLC)38967714</subfield></datafield><datafield ind1="1" ind2="7" tag="785"><subfield code="t">Brattleboro daily reformer and Vermont phoenix</subfield><subfield code="w">(DLC)sn 97067590</subfield><subfield code="w">(OCoLC)37671724</subfield></datafield><datafield ind1="1" ind2=" " tag="029"><subfield code="a">AU@</subfield><subfield code="b">000025787792</subfield></datafield></record>